@book{gorsuch1983factor,
  title={{Factor Analysis}},
  author={Gorsuch, Richard L},
  year={1983},
  publisher={Lawrence Erlbaum Associates Publishers}
}

@article{bernal2011child,
  title={{Child Care Choices and Childrenâ€™s Cognitive Achievement: the Case of Single Mothers}},
  author={Bernal, Raquel and Keane, Michael P},
  journal={Journal of Labor Economics},
  volume={29},
  number={3},
  pages={459--512},
  year={2011},
  publisher={JSTOR}
}

@article{hansen2008estimation,
  title={{Estimation with many Instrumental Variables}},
  author={Hansen, Christian and Hausman, Jerry and Newey, Whitney},
  journal={Journal of Business \& Economic Statistics},
  volume={26},
  number={4},
  year={2008}
}

@article{andrews2007testing,
  title={{Testing with Many Weak Instruments}},
  author={Andrews, Donald WK and Stock, James H},
  journal={Journal of Econometrics},
  volume={138},
  number={1},
  pages={24--46},
  year={2007},
  publisher={Elsevier}
}

@article{anderson2010asymptotic,
  title={{On the Asymptotic Optimality of the LIML Estimator with Possibly many Instruments}},
  author={Anderson, T W and Kunitomo, Naoto and Matsushita, Yukitoshi},
  journal={Journal of Econometrics},
  volume={157},
  number={2},
  pages={191--204},
  year={2010},
  publisher={Elsevier}
}

@misc{stock2002testing,
  title={{Testing for Weak Instruments in Linear IV Regression}},
  author={Stock, James H and Yogo, Motohiro},
  year={2002},
  publisher={National Bureau of Economic Research}
}

@article{guttman1954some,
  title={{Some Necessary Conditions for Common Factor Analysis}},
  author={Guttman, Louis},
  journal={Psychometrika},
  volume={19},
  number={2},
  pages={149--161},
  year={1954},
  publisher={Springer}
}

@article{wooldridge2007inverse,
  title={{Inverse Probability Weighted Estimation for General Missing Data Problems}},
  author={Wooldridge, Jeffrey M},
  journal={Journal of Econometrics},
  volume={141},
  number={2},
  pages={1281--1301},
  year={2007},
  publisher={Elsevier}
}


